% This file was created with JabRef 2.10.
% Encoding: UTF8


@Article{Ackley1985,
  Title                    = {A Learning Algorithm for Boltzmann Machines},
  Author                   = {Ackley, David H and Hinton, Geoffrey E and Sejnowski, Terrence J},
  Journal                  = {Cognitive science},
  Year                     = {1985},
  Number                   = {1},
  Pages                    = {147--169},
  Publisher                = {Wiley Online Library},
  Volume                   = {9},

  Timestamp                = {2017.09.04}
}

@Article{aiello2012multi,
  Title                    = {A multi objective genetic algorithm for the facility layout problem based upon slicing structure encoding},
  Author                   = {Aiello, Giuseppe and La Scalia, Giada and Enea, Mario},
  Journal                  = {Expert Systems with Applications},
  Year                     = {2012},
  Number                   = {12},
  Pages                    = {10352--10358},
  Publisher                = {Elsevier},
  Volume                   = {39},

  Timestamp                = {2017.09.18}
}

@Article{Bhasin2011,
  Title                    = {Asymptotic tracking by a reinforcement learning-based adaptive critic controller},
  Author                   = {Bhasin, Shubhendu and Sharma, Nitin and Patre, Parag and Dixon, Warren},
  Journal                  = {Journal of Control Theory and Applications},
  Year                     = {2011},

  ISSN                     = {0974-5572},
  Number                   = {3},
  Pages                    = {400--409},
  Publisher                = {Springer},
  Volume                   = {9},

  Timestamp                = {2017.09.04}
}

@Electronic{boldis1,
  Title                    = {Bibliografické citace dokumentů podle ČSN ISO 690 a ČSN ISO 690-2 (01 0197)},
  Author                   = {Petr Boldiš},
  HowPublished             = {online},
  Url                      = {www.boldis.cz/citace/citace1.pdf},
  Urldate                  = {2017-09-05},
  Year                     = {1999},

  Edition                  = {Verze 3.3},
  Subtitle                 = {Část 1 – Citace: metodika a obecná pravidla},
  Timestamp                = {2017.09.05}
}

@Book{Chapelle2006,
  Title                    = {Semi-Supervised Learning},
  Author                   = {O. Chapelle and B. Schölkopf and A. Zien},
  Publisher                = {The MIT Press},
  Year                     = {2006},

  Address                  = {Cambridge, Massachusetts},

  Quality                  = {1},
  Timestamp                = {2013.10.11}
}

@Incollection{floreanoEpuck,
  Title                    = {E-puck: A Robotic Platform for Studying the Evolution of Communication},
  Author                   = {Floreano, Dario and Mitri, Sara and Hubert, Julien},
  Booktitle                = {Evolution of Communication and Language in Embodied Agents},
  ISBN                     = {978-3-642-01250-1},
  Publisher                = {Springer},
  Year                     = {2009},
  Editor                   = {Stefano Nolfi and Marco Mirolli},

  Timestamp                = {2016.04.18}
}

@Book{Hynek2008,
  Title                    = {Genetické algoritmy a genetické programování},
  Author                   = {Josef Hynek},
  ISBN                     = {978-80-7300-218-3},
  Publisher                = {Grada Publishing, a.s.},
  Year                     = {2008},

  Address                  = {Praha},

  Pagetotal                = {120},
  Timestamp                = {2014.03.25}
}

@Book{Kikimor2008,
  Title                    = {Mrkva, zemiaky a iná koreňová zelenina},
  Author                   = {Jozef Kikimor and Juraj Holota},
  Editor                   = {Jakub Hľuza},
  ISBN                     = {978-80-7252-225-1},
  Publisher                = {Grada Publishing, a.s.},
  Year                     = {2008},

  Address                  = {Žilina},
  Edition                  = {2. vydanie},
  Series                   = {Pokročilé témy v informatike},

  Commentator              = {Mária Čanecká},
  Pagetotal                = {214},
  Subtitle                 = {Štúdie v okopávaní},
  Translator               = {Dušan Závada}
}

@Incollection{Kikimor2008IB,
  Title                    = {Mrkva, zemiaky a iná koreňová zelenina},
  Author                   = {Jozef Kikimor and Juraj Holota},
  ISBN                     = {978-80-7252-225-1},
  Publisher                = {Grada Publishing, a.s.},
  Year                     = {2008},

  Address                  = {Žilina},
  Chapter                  = {5},
  Edition                  = {2. vydanie},
  Editor                   = {Jakub Hľuza},
  Pages                    = {55--75},
  Series                   = {Pokročilé témy v informatike},

  Commentator              = {Mária Čanecká},
  Pagetotal                = {214},
  Subtitle                 = {Štúdie v okopávaní},
  Timestamp                = {2017.09.18},
  Translator               = {Dušan Závada}
}

@Book{Kikimor2008Pages,
  Title                    = {Mrkva, zemiaky a iná koreňová zelenina},
  Author                   = {Jozef Kikimor and Juraj Holota},
  Editor                   = {Jakub Hľuza},
  ISBN                     = {978-80-7252-225-1},
  Publisher                = {Grada Publishing, a.s.},
  Year                     = {2008},

  Address                  = {Žilina},
  Edition                  = {2. vydanie},
  Series                   = {Pokročilé témy v informatike},

  Commentator              = {Mária Čanecká},
  Pages                    = {112--125},
  Pagetotal                = {214},
  Subtitle                 = {Štúdie v okopávaní},
  Timestamp                = {2017.09.18},
  Translator               = {Dušan Závada}
}

@Book{Koropnik2005,
  Title                    = {Zemiakové delo a iné nástroje},
  Author                   = {Ondrej Koropník and Justín Ďuroška and Albín Chovanec and Filip Hurta},
  ISBN                     = {978-80-7332-225-2},
  Publisher                = {Hľuza Publishing},
  Year                     = {2005},

  Address                  = {Lopušné pažite},

  Timestamp                = {2017.09.18}
}

@MastersThesis{thesis2015,
  Title                    = {Diaľková preprava záhradných trpaslíkov},
  Author                   = {Matej Kukár},
  School                   = {Univerzita makového koláča v Krpeľanoch},
  Year                     = {2015},

  Address                  = {Krpeľany},
  Type                     = {mathesis},

  supervisor               = {Vendelín Lopota},
  Timestamp                = {2017.09.21}
}

@TechReport{Moffaert2013report,
  Title                    = {Efficient Weight Space Search in Multi-Objective Reinforcement Learning},
  Author                   = {Kristof Van Moffaert and Tim Brys and Ann Now{\'e}},
  Institution              = {Artificial Intelligence Lab, Vrije Universiteit Brussel},
  Year                     = {2013},
  Number                   = {AI-TR-14-69},
  Type                     = {resreport}
}

@Book{Urbanova1980,
  Title                    = {Angličtina vo výpočtovej technike},
  Author                   = {Mária Urbanová and Miloslava Orálková},
  Editor                   = {Ľubomíra Csáderová},
  Publisher                = {ALFA},
  Year                     = {1980},

  Address                  = {Bratislava},

  Timestamp                = {2017.09.05}
}

@Misc{crzp,
  Title                    = {Vyhláška Ministerstva školstva, vedy, výskumu a športu Slovenskej republiky z 18. decembra 2012 o centrálnom registri evidencie publikačnej činnosti a centrálnom registri evidencie umeleckej činnosti, 456/2012 Z.z.},

  Timestamp                = {2017.09.05}
}

@Electronic{latexFigures,
  Title                    = {LaTeX/Floats, Figures and Captions},
  HowPublished             = {online},
  Url                      = {https://en.wikibooks.org/wiki/LaTeX/Floats,_Figures_and_Captions},
  Urldate                  = {2017-08-17},

  Timestamp                = {2017.08.17}
}

@Electronic{latexTables,
  Title                    = {LaTeX/Tables},
  HowPublished             = {online},
  Url                      = {https://en.wikibooks.org/wiki/LaTeX/Tables},
  Urldate                  = {2017-08-22},

  Timestamp                = {2017.08.22}
}

@Electronic{jabref,
  Title                    = {JabRef},
  HowPublished             = {online},
  Url                      = {http://www.jabref.org/},
  Urldate                  = {2017-08-17},
  Year                     = {2017},

  Timestamp                = {2017.08.17}
}

@Periodical{periodical2014,
  Title                    = {Časopis nových vynálezov},
  Year                     = {2014},
  ISSN                     = {1211-0748},
  Number                   = {12},
  Volume                   = {4},

  Address                  = {Čabracký Vrbovok},
  Publisher                = {Hľuza Publishing},
  Timestamp                = {2017.09.18}
}

